@article{Pa77,
title = "The Euclidean travelling salesman problem is NP-complete",
journal = "Theoretical Computer Science",
volume = "4",
number = "3",
pages = "237 - 244",
year = "1977",
note = "",
issn = "0304-3975",
doi = "http://dx.doi.org/10.1016/0304-3975(77)90012-3",
url = "http://www.sciencedirect.com/science/article/pii/0304397577900123",
author = "Christos H. Papadimitriou"
}

@inproceedings{Ga76,
 author = {Garey, M. R. and Graham, R. L. and Johnson, D. S.},
 title = {Some NP-complete Geometric Problems},
 booktitle = {Proceedings of the Eighth Annual ACM Symposium on Theory of Computing},
 series = {STOC '76},
 year = {1976},
 location = {Hershey, Pennsylvania, USA},
 pages = {10--22},
 numpages = {13},
 url = {http://doi.acm.org/10.1145/800113.803626},
 doi = {10.1145/800113.803626},
 acmid = {803626},
 publisher = {ACM},
 address = {New York, NY, USA}
}

@techreport{Ch76,
author = "Nicos Christofides",
title = "Worst-Case Analysis of a New Heuristic for the Travelling Salesman Problem",
number = "388",
institution = {Graduate School of Industrial Administration, Carnegie Mellon University},
year = "1976",
location = {Pittsburgh, Pennsylvania, USA}
}

@article{Ho91,
 author = {Hoogeveen, J. A.},
 title = {Analysis of Christofides' Heuristic: Some Paths Are More Difficult Than Cycles},
 journal = {Oper. Res. Lett.},
 issue_date = {July, 1991},
 volume = {10},
 number = {5},
 month = jul,
 year = {1991},
 issn = {0167-6377},
 pages = {291--295},
 numpages = {5},
 url = {http://dx.doi.org/10.1016/0167-6377(91)90016-I},
 doi = {10.1016/0167-6377(91)90016-I},
 acmid = {2308208},
 publisher = {Elsevier Science Publishers B. V.},
 address = {Amsterdam, The Netherlands, The Netherlands},
 keywords = {Hamiltonian cycle, Hamiltonian path, approximation algorithm, traveling salesman problem, worst-case analysis},
} 

@book{Ga79,
 author = {Garey, Michael R. and Johnson, David S.},
 title = {Computers and Intractability: A Guide to the Theory of NP-Completeness},
 year = {1979},
 isbn = {0716710447},
 publisher = {W. H. Freeman \& Co.},
 address = {New York, NY, USA},
} 

@book{Co01,
 author = {Cormen, Thomas H. and Stein, Clifford and Rivest, Ronald L. and Leiserson, Charles E.},
 title = {Introduction to Algorithms},
 year = {2001},
 isbn = {0070131511},
 edition = {2nd},
 publisher = {McGraw-Hill Higher Education},
}

@book{Gr05,
 author = {Gross, Jonathan L. and Yellen, Jay},
 title = {Graph Theory and Its Applications, Second Edition (Discrete Mathematics and Its Applications)},
 year = {2005},
 isbn = {158488505X},
 publisher = {Chapman \& Hall/CRC},
}

@book{To01,
 editor = {Toth, Paolo and Vigo, Daniele},
 title = {The Vehicle Routing Problem},
 year = {2001},
 isbn = {0-89871-498-2},
 publisher = {Society for Industrial and Applied Mathematics},
 address = {Philadelphia, PA, USA},
} 

@article{Da54,
author = {G. Dantzig and R. Fulkerson and S. Johnson},
title = {Solution of a Large-Scale Traveling-Salesman Problem},
journal = {Journal of the Operations Research Society of America},
volume = {2},
number = {4},
pages = {393-410},
year = {1954},
doi = {10.1287/opre.2.4.393},
URL = {http://dx.doi.org/10.1287/opre.2.4.393},
eprint = {http://dx.doi.org/10.1287/opre.2.4.393},
}

@article{Cl64,
author = {G. Clarke and J. W. Wright},
title = {Scheduling of Vehicles from a Central Depot to a Number of Delivery Points},
journal = {Operations Research},
volume = {12},
number = {4},
pages = {568-581},
year = {1964},
doi = {10.1287/opre.12.4.568},
URL = {http://dx.doi.org/10.1287/opre.12.4.568},
eprint = {http://dx.doi.org/10.1287/opre.12.4.568},
}

@article {Go77,
author = {Golden, B. L. and Magnanti, T. L. and Nguyen, H. Q.},
title = {Implementing vehicle routing algorithms},
journal = {Networks},
volume = {7},
number = {2},
publisher = {Wiley Subscription Services, Inc., A Wiley Company},
issn = {1097-0037},
url = {http://dx.doi.org/10.1002/net.3230070203},
doi = {10.1002/net.3230070203},
pages = {113--148},
year = {1977},
}

@article{Le71,
author = {Amos Levin},
title = {Scheduling and Fleet Routing Models for Transportation Systems},
journal = {Transportation Science},
volume = {5},
number = {3},
pages = {232-255},
year = {1971},
doi = {10.1287/trsc.5.3.232},
URL = {http://dx.doi.org/10.1287/trsc.5.3.232},
eprint = {http://dx.doi.org/10.1287/trsc.5.3.232},
}

@article {Le76,
author = {Lenstra, J. K. and Kan, A. H. G. Rinnooy},
title = {On general routing problems},
journal = {Networks},
volume = {6},
number = {3},
publisher = {Wiley Subscription Services, Inc., A Wiley Company},
issn = {1097-0037},
url = {http://dx.doi.org/10.1002/net.3230060305},
doi = {10.1002/net.3230060305},
pages = {273--280},
year = {1976},
}

@article {Or74,
author = {Orloff, C. S.},
title = {A fundamental problem in vehicle routing},
journal = {Networks},
volume = {4},
number = {1},
publisher = {Wiley Subscription Services, Inc., A Wiley Company},
issn = {1097-0037},
url = {http://dx.doi.org/10.1002/net.3230040105},
doi = {10.1002/net.3230040105},
pages = {35--64},
year = {1974},
}

@article {WiSu,
author = {N. Wilson and J. Sussman},
title = {Implementation of Computer Algorithms for the Dial-a-Bus System},
publisher = {Bulletin of the Operations Research Society of America},
volume = {19},
number = {1},
journal = {39th national meeting of the Operations Research Society of America},
}

@article {OCWa,
author = {A. D. O'Connor and C. A. De Wald},
title = {A Sequential Deletion Algorithm for the Design of Optimal Transportation Networks},
publisher = {Bulletin of the Operations Research Society of America},
volume = {18},
number = {1},
journal = {37 th national meeting of the Operations Research Society of America},
}

@article {Ma70,
author = {D. H. Marks and R. Stricker},
title = {Routing for Public Service Vehicles},
journal = {ASCE Journal of the Urban Planning and Development Division},
volume = {97},
number = {2},
pages = {195--178},
year = {1974},
}

@article{Ei74, 
author={S. Eilon and C. D. T. Watson-Gandy and N. Christofides and R. de Neufville}, 
journal={IEEE Transactions on Systems, Man, and Cybernetics}, 
title={Distribution Management-Mathematical Modelling and Practical Analysis}, 
year={1974}, 
volume={SMC-4}, 
number={6}, 
pages={589-589}, 
keywords={Books;Computational modeling;Education;Europe;Large-scale systems;Logistics;Telecommunication traffic;Traffic control;Transportation;Vehicles}, 
doi={10.1109/TSMC.1974.4309370}, 
ISSN={0018-9472}, 
month={Nov},
}

@article{Li,
author = {J. C. Liebman},
title = {Mathematical Models for Solid Waste Collection and Disposal},
publisher = {Bulletin of the Operations Research Society of America},
number = {2},
year = {1970},
journal = {37 th national meeting of the Operations Research Society of America},
}

@techreport{So83, 
author={M. Solomon}, 
title={Vehicle Routing and Scheduling with Time Window Constraints: Models and algorithms}, 
year={1983},
number={83â€“42},
institution={College of Business Admin., Northeastern University},
}

@inbook{Ed87,
author="Edmonds, Jack",
editor="Gessel, Ira and Rota, Gian-Carlo",
title="Paths, Trees, and Flowers",
bookTitle="Classic Papers in Combinatorics",
year="1987",
publisher="Birkh{\"a}user Boston",
address="Boston, MA",
pages="361--379",
isbn="978-0-8176-4842-8",
doi="10.1007/978-0-8176-4842-8_26",
url="http://dx.doi.org/10.1007/978-0-8176-4842-8_26"
}

@inproceedings{Co71,
 author = {Cook, Stephen A.},
 title = {The Complexity of Theorem-proving Procedures},
 booktitle = {Proceedings of the Third Annual ACM Symposium on Theory of Computing},
 series = {STOC '71},
 year = {1971},
 location = {Shaker Heights, Ohio, USA},
 pages = {151--158},
 numpages = {8},
 url = {http://doi.acm.org/10.1145/800157.805047},
 doi = {10.1145/800157.805047},
 acmid = {805047},
 publisher = {ACM},
 address = {New York, NY, USA},
} 

@Inbook{Ka72,
author="Karp, Richard M.",
editor="Miller, Raymond E.
and Thatcher, James W.
and Bohlinger, Jean D.",
title="Reducibility among Combinatorial Problems",
bookTitle="Complexity of Computer Computations: Proceedings of a symposium on the Complexity of Computer Computations, held March 20--22, 1972, at the IBM Thomas J. Watson Research Center, Yorktown Heights, New York, and sponsored by the Office of Naval Research, Mathematics Program, IBM World Trade Corporation, and the IBM Research Mathematical Sciences Department",
year="1972",
publisher="Springer US",
address="Boston, MA",
pages="85--103",
isbn="978-1-4684-2001-2",
doi="10.1007/978-1-4684-2001-2_9",
url="http://dx.doi.org/10.1007/978-1-4684-2001-2_9"
}

@book{Pl00,
 author = {Plauger, P.J. and Lee, Meng and Musser, David and Stepanov, Alexander A.},
 title = {C++ Standard Template Library},
 year = {2000},
 isbn = {0134376331},
 edition = {1st},
 publisher = {Prentice Hall PTR},
 address = {Upper Saddle River, NJ, USA},
} 